<record><leader>00000cas a2200000 i 4500</leader><controlfield tag="001">550489626</controlfield><controlfield tag="008">080818c20089999miumr ne      0    0ara c</controlfield><datafield ind1=" " ind2=" " tag="010"><subfield code="a">  2017223166</subfield></datafield><datafield ind1=" " ind2=" " tag="040"><subfield code="a">BEU</subfield><subfield code="b">eng</subfield><subfield code="e">rda</subfield><subfield code="c">BEU</subfield><subfield code="d">OCLCQ</subfield><subfield code="d">OCLCF</subfield><subfield code="d">OCLCO</subfield><subfield code="d">OCLCQ</subfield><subfield code="d">CLU</subfield></datafield><datafield ind1=" " ind2=" " tag="066"><subfield code="c">(3</subfield></datafield><datafield ind1="0" ind2=" " tag="041"><subfield code="a">ara</subfield><subfield code="a">eng</subfield></datafield><datafield ind1=" " ind2=" " tag="042"><subfield code="a">pcc</subfield></datafield><datafield ind1=" " ind2=" " tag="043"><subfield code="a">n-us-mi</subfield></datafield><datafield ind1="0" ind2="3" tag="245"><subfield code="6">880-01</subfield><subfield code="a">al-Yamani&#772; al-Ami&#772;riki&#772;.</subfield></datafield><datafield ind1="1" ind2=" " tag="246"><subfield code="6">880-02</subfield><subfield code="a">Yamani&#772; al-Amiri&#772;ki&#772;</subfield></datafield><datafield ind1="1" ind2="1" tag="246"><subfield code="a">Yemeni American news</subfield></datafield><datafield ind1="1" ind2=" " tag="246"><subfield code="a">Yemeni American</subfield></datafield><datafield ind1=" " ind2="1" tag="264"><subfield code="6">880-03</subfield><subfield code="a">Dearborn, MI :</subfield><subfield code="b">Yamani&#772; al-Ami&#772;riki&#772;</subfield></datafield><datafield ind1=" " ind2=" " tag="300"><subfield code="a">volumes :</subfield><subfield code="b">illustrations (some color) ;</subfield><subfield code="c">35-41 cm</subfield></datafield><datafield ind1=" " ind2=" " tag="310"><subfield code="a">Monthly</subfield></datafield><datafield ind1=" " ind2=" " tag="336"><subfield code="a">text</subfield><subfield code="b">txt</subfield><subfield code="2">rdacontent</subfield></datafield><datafield ind1=" " ind2=" " tag="337"><subfield code="a">unmediated</subfield><subfield code="b">n</subfield><subfield code="2">rdamedia</subfield></datafield><datafield ind1=" " ind2=" " tag="338"><subfield code="a">volume</subfield><subfield code="b">nc</subfield><subfield code="2">rdacarrier</subfield></datafield><datafield ind1="1" ind2=" " tag="362"><subfield code="a">Began in 2008.</subfield></datafield><datafield ind1=" " ind2=" " tag="546"><subfield code="a">In Arabic and English.</subfield></datafield><datafield ind1=" " ind2=" " tag="588"><subfield code="a">Description based on: al-&#699;Adad 84 (Fabra&#772;yir 2016); title from caption.</subfield></datafield><datafield ind1=" " ind2=" " tag="588"><subfield code="a">Latest issue consulted: al-Sanah 8., al-&#699;adad 94 (Di&#772;simbir 2016).</subfield></datafield><datafield ind1=" " ind2="0" tag="650"><subfield code="a">Arab Americans</subfield><subfield code="z">Michigan</subfield><subfield code="v">Newspapers.</subfield></datafield><datafield ind1=" " ind2="0" tag="650"><subfield code="a">Yemeni Americans</subfield><subfield code="z">Michigan</subfield><subfield code="v">Newspapers.</subfield></datafield><datafield ind1=" " ind2="7" tag="650"><subfield code="a">Arab Americans.</subfield><subfield code="2">fast</subfield><subfield code="0">(OCoLC)fst00812200</subfield></datafield><datafield ind1=" " ind2="7" tag="650"><subfield code="a">Yemeni Americans.</subfield><subfield code="2">fast</subfield><subfield code="0">(OCoLC)fst01431834</subfield></datafield><datafield ind1=" " ind2="7" tag="651"><subfield code="a">Michigan.</subfield><subfield code="2">fast</subfield><subfield code="0">(OCoLC)fst01208387</subfield></datafield><datafield ind1=" " ind2="7" tag="655"><subfield code="a">Newspapers.</subfield><subfield code="2">fast</subfield><subfield code="0">(OCoLC)fst01423814</subfield></datafield><datafield ind1=" " ind2=" " tag="752"><subfield code="a">United States</subfield><subfield code="b">Michigan</subfield><subfield code="c">Wayne County</subfield><subfield code="d">Dearborn</subfield></datafield><datafield ind1="0" ind2="2" tag="880"><subfield code="6">245-01/(3/r</subfield><subfield code="a">&#1575;&#1604;&#1610;&#1605;&#1606;&#1610; &#1575;&#1604;&#1571;&#1605;&#1610;&#1585;&#1603;&#1610;.</subfield></datafield><datafield ind1="1" ind2=" " tag="880"><subfield code="6">246-02/(3/r</subfield><subfield code="a">&#1610;&#1605;&#1606;&#1610; &#1575;&#1604;&#1571;&#1605;&#1585;&#1610;&#1603;&#1610;</subfield></datafield><datafield ind1=" " ind2="1" tag="880"><subfield code="6">264-03/(3/r</subfield><subfield code="a">Dearborn, MI :</subfield><subfield code="b">&#1610;&#1605;&#1606;&#1610; &#1575;&#1604;&#1571;&#1605;&#1610;&#1585;&#1603;&#1610;</subfield></datafield></record>